\usepackage{hyperref}

@online{guru99,
    author = {Sarah Chen},
    title ={Topologische Sortierung: Python, C++ Algorithmusbeispiel},
    url={https://www.guru99.com/de/topological-sort-algorithm.html},
    addendum = {(accessed: 10.07.2025)},
}
