\usepackage{hyperref}

@online{database_systems,
    author = {Syeda Famita Amber},
    title ={Database Systems: Key Concepts Explained},
    url  = {https://hevodata.com/learn/database-systems/#Types_of_Database_Systems},
    addendum = {(accessed: 29.04.2025)},
}
