\usepackage{hyperref}

@online{Wikipedia-Rabin-Karp,
    author = {Wikipedia-Contributors},
    title ={Rabin-Karp Multiple pattern search},
    url={https://en.wikipedia.org/wiki/Rabin%E2%80%93Karp_algorithm#Multiple_pattern_search},
    addendum = {(accessed: 25.06.2025)},
}


@online{Stackoverflow-Rabin-Karp,
	author = {Nick Dandoulakis-User},
	title ={Using Rabin-Karp to search for multiple patterns in a string},
	url={https://stackoverflow.com/questions/1318126/using-rabin-karp-to-search-for-multiple-patterns-in-a-string},
	addendum = {(accessed: 25.06.2025)},
}