\usepackage{hyperref}

@online{ccc-satzung,
    author = {Beschluss vom CCC},
    title ={Satzung des Chaos Computer Club e. V.},
    url  = {https://www.ccc.de/satzung},
    addendum = {(accessed: 15.11.2024)},
}

@online{ccc-hackerethik,
    author = {Beschluss vom CCC},
    title ={Hackerethik},
    url  = {https://www.ccc.de/de/hackerethik},
    addendum = {(accessed: 15.11.2024)},
}

@online{ccc-epa,
    author = {Stefan Streit},
    title ={elektronische Patientenakte (ePA) Made in Germany - Digitalisierung in der Medizin 2024 },
    url  = {https://media.ccc.de/v/gpn22-389-elektronische-patientenakte-epa-made-in-germany-digitalisierung-in-der-medizin-2024},
    addendum = {(accessed: 15.11.2024)},
}

@online{bgm-digitalisierung-im-gesundheitswesen,
    author = {Bundesministerium fÃ¼r Gesundheit},
    title ={Digitalisierung im Gesundheitswesen},
    url  = {https://www.bundesgesundheitsministerium.de/themen/digitalisierung/digitalisierung-im-gesundheitswesen.html},
    addendum = {(accessed: 14.11.2024)},
}