\usepackage{hyperref}

@online{Boeing-737-MAX,
    author = {Haley Davoren},
    title ={FAA adopts strict new policy on aircraft design changes in wake of deadly Boeing 737 MAX crashes},
    url  = {https://www.globalair.com/articles/faa-adopts-strict-new-policy-on-aircraft-design-changes-in-wake-of-deadly-boeing-737-max-crashes?id=6674},
    addendum = {(accessed: 09.11.2024)},
}

@online{B-flawd-analysis,
    author = {Dominic Gates},
    title = {Flawed analysis, failed oversight: How Boeing, FAA certified the suspect 737 MAX flight control system},
    url  = {https://www.seattletimes.com/business/boeing-aerospace/failed-certification-faa-missed-safety-issues-in-the-737-max-system-implicated-in-the-lion-air-crash/},
    addendum = {(accessed: 09.11.2024)},
}

@online{B-Wikipedia,
    author = {Wikipedia contributors},
    title = {Boeing 737 MAX},
    url  = {https://en.wikipedia.org/wiki/Boeing_737_MAX#Design},
    addendum = {(accessed: 09.11.2024)},
}
