\usepackage{hyperref}

@online{dsgvo5,
    author = {DSGVO},
    title ={Art. 5 DSGVO Grundsätze für die Verarbeitung personenbezogener Daten},
    url  = {https://dsgvo-gesetz.de/art-5-dsgvo/},
    addendum = {(accessed: 25.01.2025)},
}
@online{dsgvo89,
    author = {DSGVO},
    title ={Art. 89 DSGVO Garantien und Ausnahmen in Bezug auf die Verarbeitung zu im öffentlichen Interesse liegenden Archivzwecken, zu wissenschaftlichen oder historischen Forschungszwecken und zu statistischen Zwecken},
    url  = {https://dsgvo-gesetz.de/art-89-dsgvo/},
    addendum = {(accessed: 26.01.2025)},
}
@online{dsgvo7,
    author = {DSGVO},
    title ={Art. 7 DSGVO Bedingungen für die Einwilligung},
    url  = {https://dsgvo-gesetz.de/art-7-dsgvo/},
    addendum = {(accessed: 26.01.2025)},
}
@online{dsgvo6,
    author = {DSGVO},
    title ={Art. 6 DSGVO Rechtmäßigkeit der Verarbeitung},
    url  = {https://dsgvo-gesetz.de/art-6-dsgvo/},
    addendum = {(accessed: 26.01.2025)},
}
@online{wiki-ip-adressen,
    author = {Wikipedia Contributors},
    title ={IP-Adresse},
    url  = {https://de.wikipedia.org/wiki/IP-Adresse},
    addendum = {(accessed: 26.01.2025)},
}
@online{dsgvo9,
    author = {DSGVO},
    title ={Art. 9 DSGVO Verarbeitung besonderer Kategorien personenbezogener Daten},
    url  = {https://dsgvo-gesetz.de/art-9-dsgvo/},
    addendum = {(accessed: 26.01.2025)},
}
@online{FIV-Banken,
    author = {Freie-Informations-Verzeichnis},
    title ={Bankgeheimnis in Deutschland: Fakten \& Regeln},
    url  = {https://freie-infos.de/lexikon/bankrecht/bankgeheimnis/},
    addendum = {(accessed: 26.01.2025)},
}
@online{wiki-selbstbestimmung,
    author = {Wikipedia Contributors},
    title ={Informationelle Selbstbestimmung},
    url  = {https://de.wikipedia.org/wiki/Informationelle_Selbstbestimmung},
    addendum = {(accessed: 26.01.2025)},
}
@online{dsgvo-rechte,
    author = {Madeleine Kümmerle - Volljuristin},
    title ={Alle Betroffenenrechte der DSGVO in einer Übersicht},
    url  = {https://www.dr-datenschutz.de/alle-betroffenenrechte-der-dsgvo-in-einer-uebersicht/},
    addendum = {(accessed: 26.01.2025)},
}
@online{dsgvo-löschung,
    author = {Dr. Datenschutz - intersoft consulting services AG},
    title ={Das Recht auf Löschung (Vergessenwerden) einfach erklärt},
    url  = {https://www.dr-datenschutz.de/das-recht-auf-loeschung-vergessenwerden-einfach-erklaert/},
    addendum = {(accessed: 26.01.2025)},
}